@misc{https://doi.org/10.48550/arxiv.2510.18614,
  doi = {10.48550/ARXIV.2510.18614},
  url = {https://arxiv.org/abs/2510.18614},
  author = {Coignard, Ren√© and Rygin, Anton},
  keywords = {Cryptography and Security (cs.CR), FOS: Computer and information sciences, FOS: Computer and information sciences},
  title = {Qatsi: Stateless Secret Generation via Hierarchical Memory-Hard Key Derivation},
  publisher = {arXiv},
  year = {2025},
  copyright = {Creative Commons Attribution Share Alike 4.0 International}
}
